<?xml version="1.0" encoding="UTF-8"?><collection xmlns="http://www.loc.gov/MARC21/slim"><record><leader>00402nam--2200133-i-4500</leader><controlfield tag="001">000013812</controlfield><controlfield tag="002">20161230</controlfield><controlfield tag="005">20161230201030</controlfield><controlfield tag="008">060222s1000------------r-----000-0-eng-d</controlfield><datafield ind1=" " ind2=" " tag="080"><subfield code="a">550.34:55.834</subfield></datafield><datafield ind1=" " ind2=" " tag="100"><subfield code="a">Choudhury, Mansur Ahmed</subfield></datafield><datafield ind1=" " ind2=" " tag="245"><subfield code="a">Etude des ondes seismiques dans quelque trembl ements de terre profonds de l hindou-kouch.the se</subfield></datafield><datafield ind1=" " ind2=" " tag="260"><subfield code="a">Paris, L Universite, 1959. 45 P</subfield></datafield><datafield ind1=" " ind2=" " tag="852"><subfield code="a">47555</subfield></datafield></record></collection>